@misc{BHQMA,
   author = {Childs, Andrew M. and Gosset, D. and Webb, Z.},
    title = {The {B}ose-{H}ubbard model is {QMA}-complete.},
   note = {arXiv:1311.3297},
}