@article{CGW13,
author = {Childs, Andrew M. and Gosset, David and Webb, Zak}, 
title = {Universal computation by multiparticle quantum walk},
volume = {339}, 
number = {6121}, 
pages = {791-794}, 
year = {2013}, 
doi = {10.1126/science.1229957}, 
eprint = {arXiv:1205.3782}, 
journal = {Science} 
}

@article{Chi09,
	Author = {Andrew M. Childs},
	Eprint = {arXiv:0806.1972},
	Journal = {Physical Review Letters},
	Number = {18},
	Pages = {180501},
	Title = {Universal computation by quantum walk},
	Volume = {102},
	Year = {2009}
}

@misc{CGNRW,
  Author = {Childs, Andrew M. and Gosset, David and Nagaj, Daniel and Raha, Mouktik and Webb, Zak},
  title = {Momentum Switches},
  eprint = {arXiv:1406.4510}
}
