@article{BK02,
  title={Reversing quantum dynamics with near-optimal quantum and classical fidelity},
  author={Barnum, Howard and Knill, Emanuel},
  journal={Journal of Mathematical Physics},
  volume={43},
  number={5},
  pages={2097--2106},
  year={2002},
  publisher={AIP Publishing},
  eprint={quant-ph/0004088}
}

@article{Hol96,
  title={The Capacity of quantum channel with general signal states},
  author={Holevo, AS},
  journal={IEEE Trans. Info. Theor.},
  volume={44},
  eprint={quant-ph/9611023},
  pages={269--273},
  year={1996}
}

@article{Mon07,
  author="Montanaro, Ashley",
  title="On the Distinguishability of Random Quantum States",
  journal="Communications in Mathematical Physics",
  year="2007",
  volume="273",
  number="3",
  pages="619--636",
  issn="1432-0916",
  doi="10.1007/s00220-007-0221-7",
  url="http://dx.doi.org/10.1007/s00220-007-0221-7",
  eprint = {quant-ph/0607011}
}


@unpublished{WatTheory,
  title={Theory of Quantum Information},
  author = {Watrous, John},
  year = {2016},
  url = {https://cs.uwaterloo.ca/~watrous/TQI/}
}

@misc{Wri15,
  title = {Lecture 20: Pretty Good Measurement},
  author = {Wright, John},
  scribe = {Lancaster, Lachlan},
  date = {November 16, 2015}
  url = {https://www.cs.cmu.edu/~odonnell/quantum15/lecture20.pdf}
}